<?xml version="1.0" encoding="UTF-8"?><collection xmlns="http://www.loc.gov/MARC21/slim"><record><leader>00533nam--2200181-u-4500</leader><controlfield tag="001">000053287</controlfield><controlfield tag="002">20161230</controlfield><controlfield tag="005">20161230201051</controlfield><controlfield tag="008">110119s1000------------r-----000-0-fre-d</controlfield><datafield ind1=" " ind2=" " tag="040"><subfield code="a">IFIN-HH</subfield></datafield><datafield ind1=" " ind2=" " tag="041"><subfield code="a">fre</subfield></datafield><datafield ind1=" " ind2=" " tag="080"><subfield code="a">534.8:61(043)</subfield></datafield><datafield ind1="1" ind2=" " tag="100"><subfield code="a">Guilhot, Jean Pierre</subfield></datafield><datafield ind1="1" ind2="0" tag="245"><subfield code="a">Vers une nouvelle generation de sonometres; elemets originaux de sonometre</subfield><subfield code="b">These</subfield><subfield code="c">Jean pierre guilhot</subfield></datafield><datafield ind1=" " ind2=" " tag="260"><subfield code="a">Toulouse</subfield><subfield code="b">Universite Paul Sabatir De Toulouse</subfield><subfield code="c">1974</subfield></datafield><datafield ind1=" " ind2=" " tag="300"><subfield code="a">168P</subfield></datafield><datafield ind1=" " ind2=" " tag="852"><subfield code="a">44166</subfield><subfield code="c">534</subfield></datafield><datafield ind1=" " ind2=" " tag="CAT"><subfield code="a">Sys</subfield><subfield code="c">20110119</subfield><subfield code="h">131316</subfield></datafield></record></collection>